@misc{vuv,
	author = "Rethmeier, C.",
	title = "{Characterization of VUV sensitive SiPMs for nEXO}",
	howpublished =  "\url{http://neutrino.physics.ucdavis.edu/indico/getFile.py/access?contribId=61&sessionId=2&resId=0&materialId=slides&confId=17}"
}
%howpublished = {\url {http://neutrino.physics.ucdavis.edu/indico/getFile.py/access?			contribId=61&sessionId=2&resId=0&materialId=slides&confId=17}}
@article{FundamentalLimits,
      author         = "Derenzo, E. and Woon-Seng, C. and Moses, N. W.",
      title          = "{Fundamental Limits of Scintillation Detector Timing Precision}",
      journal        = "Phys Med Biol.",
      volume         = "59",
      year           = "2014",
      number         = "13 345",
      pages          = "3261--3286",
      doi            = "10.1088/0031-9155/59/13/3261"
}

Mythra Varun Nemallapudi1, Stefan Gundacker1, Paul Lecoq1, Etiennette Auffray1, Alessandro Ferri2, Alberto Gola2

@article{LysoCRT,
      author  = " Nemallapudi, M. and Gundacker, S. and Lecoq, P. and  Auffray, E and Ferri, A. and Gola, A. and Piemonte, C.",
        title          = "{Sub-100 ps coincidence time resolution for positron emission tomography with LSO:Ce codoped with Ca}",
      journal        = "Phys. Med. Biol.",
      volume         = "60",
      year           = "2015",
      pages          = "4635--4649",
      doi            = "10.1088/0031-9155/60/12/4635"
}


@article{LysoFBK,
      author         = "Ferri, A. and Gola, A. and Serra, N. and Tarolli, A and Zorzi, N. and Piemonte, C.",
      title          = "{Performance of FBK high-density SiPM technology coupled to Ce:LYSO and Ce:GAGG for TOF-PET}",
      journal        = "Phys. Med. Biol.",
      volume         = "59",
      year           = "2014",
      pages          = "869--880",
      doi            = "10.1088/0031-9155/59/4/869"
}

@article{TPBtau,
      author         = "Huang, J. and Bekiari, V. and Lianosa, P. and Couris, S.",
      title          = "{Study of poly(methyl methacrylate) thin films doped with laser dyes}",
      journal        = "Journal of Luminescence",
      volume         = "81",
      year           = "1999",
      number         = "4",
      pages          = "285--291"
}
@article{Segreto:2014aia,
      author         = "Segreto, E.",
      title          = "{Evidence of delayed light emission of TetraPhenyl
                        Butadiene excited by liquid Argon scintillation light}",
      journal        = "Phys. Rev.",
      volume         = "C91",
      year           = "2015",
      number         = "3",
      pages          = "035503",
      doi            = "10.1103/PhysRevC.91.035503",
      eprint         = "1411.4524",
      archivePrefix  = "arXiv",
      primaryClass   = "physics.ins-det",
      SLACcitation   = "%%CITATION = ARXIV:1411.4524;%%"
}
@article{Gehman:2011xm,
      author         = "Gehman, V. M. and Seibert, S. R. and Rielage, K. and
                        Hime, A. and Sun, Y. and Mei, D. M. and Maassen, J. and
                        Moore, D.",
      title          = "{Fluorescence Efficiency and Visible Re-emission Spectrum
                        of Tetraphenyl Butadiene Films at Extreme Ultraviolet
                        Wavelengths}",
      journal        = "Nucl. Instrum. Meth.",
      volume         = "A654",
      year           = "2011",
      pages          = "116-121",
      doi            = "10.1016/j.nima.2011.06.088",
      eprint         = "1104.3259",
      archivePrefix  = "arXiv",
      primaryClass   = "astro-ph.IM",
      reportNumber   = "LA-UR-11-10447",
      SLACcitation   = "%%CITATION = ARXIV:1104.3259;%%"
}
@article{Ostrovskiy:2015oja,
      author         = "Ostrovskiy, I. and others",
      title          = "{Characterization of Silicon Photomultipliers for nEXO}",
      year           = "2015",
      doi            = "10.1109/TNS.2015.2453932",
      journal           = "IEEE Trans. Nucl. Sci. ",
      volume = "62",
      pages = "1825",
      eprint         = "1502.07837",
      archivePrefix  = "arXiv",
      primaryClass   = "physics.ins-det",
      SLACcitation   = "%%CITATION = ARXIV:1502.07837;%%"
}

@article{gemini,
      author         = "Surti, S and others",
      title          = "{Performance of Philips Gemini TF PET/CT Scanner with Special Consideration for Its Time-of-Flight Imaging Capabilities}",
      journal      = "{J. Nucl. Med. }",
      year           = "2007",
      volume = "48",
      pages          = "471-480"
}

@article{vereos,
      author         = "Miller, M and others",
      title          = "{Characterization of the Vereos Digital Photon Counting PET System}",
      journal      = "{J. Nucl. Med. }",
      year           = "2015",
      volume = "56",
      pages          = "434"
}

@article{meg,
      author         = "Adam, J and others",
      title          = "{The MEG detector for mu+ to e+gamma decay search}",
      journal      = "{Eur. Phys. J. C }",
      year           = "2013",
      volume = "73",
      pages          = "2365"
}

@article{Seifert,
      author         = "Seifert, S",
      title          = "{Accurate measurements of the rise and decay times of fast scintillators with solid state photon counters}",
      journal      = "{Nuclear Science Symposium Conference Record (NSS/MIC)}",
      year           = "2010",
      pages          = "1736 - 1739",
}

@article{Ogawa:2015ucj,
      author         = "Ogawa, Shinji",
      title          = "{Upgrade of liquid xenon calorimeter in MEG experiment
                        with VUV sensitive MPPCs}",
      booktitle      = "{Proceedings, 13th Conference on Flavor Physics and CP
                        Violation (FPCP 2015)}",
      collaboration  = "MEG II",
      journal        = "PoS",
      volume         = "FPCP2015",
      year           = "2015",
      pages          = "063",
      SLACcitation   = "%%CITATION = POSCI,FPCP2015,063;%%"
}
@article{VanDamm2011,
	author = "Van Dam, H.~T. and Seifert, S. and Vinke, R. and Dendooven, P. and Lohner, H. and Beekman, F.~J. and Schaart, D.~R.",
	
	title = "{A practical method for depth of interaction determination in monolithic scintillator PET detectors}",
	 journal = {Phys. Med. Biol.},
 	year = 2011,
  	 volume = 56,
  	  pages = {4135-4145},
  	    doi = {10.1088/0031-9155/56/13/025}
}

@article{Alvarez:2012ub,
      author         = "Alvarez, V. and others",
      title          = "{SiPMs coated with TPB : coating protocol and
                        characterization for NEXT}",
      journal        = "JINST",
      volume         = "7",
      year           = "2012",
      pages          = "P02010",
      doi            = "10.1088/1748-0221/7/02/P02010",
      eprint         = "1201.2018",
      archivePrefix  = "arXiv",
      primaryClass   = "physics.ins-det",
      SLACcitation   = "%%CITATION = ARXIV:1201.2018;%%"
}
@article{Petalo2015,
   author = {{Gomez-Cadenas}, J.~J. and {Benlloch-Rodriguez}, J.~M. and {Ferrario}, P.
	},
    title = "{Application of scintillating properties of liquid xenon and silicon photomultiplier technology to medical imaging}",
  journal = {Spectrochimica Acta},
 keywords = {PET, TOF, Liquid xenon, Energy resolution, High sensitivity, Coincidence resolution time (CRT), SiPMs},
     year = 2016,
    month = apr,
   volume = 118,
    pages = {6-13},
      doi = {10.1016/j.sab.2016.01.005},
   adsurl = {http://adsabs.harvard.edu/abs/2016AcSpe.118....6G},
  adsnote = {Provided by the SAO/NASA Astrophysics Data System}
}

@article{DokeMasuda,
      author         = "Doke, T. and Masuda, K.",
      title          = "{Present status of liquid rare gas scintillation detectors and their new application to gamma-ray calorimeters}",
      year           = "1999",
      journal        = "Nucl. Instrum. Methods A",
      volume         = "420",
      pages          = "62"
}

@article{Doke1,
      author         = "Doke, T. and Kikuchi, J. and  Nishikido, F.",
      title          = "{Time-of-flight positron emission tomography using liquid xenon scintillation}",
      year           = "2006",
      journal        = "Nucl. Instrum. Methods A",
      volume         = "569",
      pages          = "863"
}

@article{Kubota79,
      author         = "Kubota, S. and Hishida, M. and Suzuki, M. and Ruan, J.",
      title          = "{Dynamical behaviour of free electrons in the recombination process in liquid argon, krypton and xenon}",
      year           = "1979",
      journal        = "Physical Review B",
      volume         = "20",
      pages          = "8"
}

@article{Nishikido2,
      author         = "Nishikido, F. and others",
      title          = "{Performance of prototype liquid xenon scintillation detector system for Time-of-Flight Type Positron Emission Tomography with improved photomultipliers}",
      year           = "2005",
      journal        = "Japanese Journal of Applied Physics",
      volume         = "44",
      pages          = "5193"
}
@article{Nishikido1,
      author         = "Nishikido, F. and others",
      title          = "{Performance of a Prototype of Liquid Xenon Scintillation Detector System for Positron Emission Tomography}",
      year           = "2004",
      journal        = "Japanese Journal of Applied Physics",
      volume         = "43",
      pages          = "779"
}

@article{triumf,
    author         = "Miceli, A. and others",
     title          = "{Simulation of a micro-PET system based on liquid xenon}",
      year           = "2012",
      journal        = "Phys. Med. Biol.",
      volume         = "57",
      pages          = "1685-1700"
}

@article{chepelLXe,
    author         = "Chepel, V. and others",
     title          = "{Purification of liquid xenon and impurity monitoring for a PET detector}",
      year           = "1994",
      journal        = "Nucl. Instrum. Methods A",
      volume         = "349",
      pages          = "500-5"
}

@article{chepelRes,
    author         = "Chepel, V. and others",
    title          = "{The liquid xenon detector for PET: recent results}",
    year           = "1999",
    journal        = "IEEE Transactions on Nuclear Science",
    volume         = "NS-46",
     pages          = "1038-1044"
}

@article{chepelEnergyRes,
    author         = "Crespo, P. and others",
    title          = "{Pulse processing for the PET liquid xenon Multiwire Ionisation Chamber}",
    year           = "1999",
    journal        = "IEEE Transactions on Nuclear Science",
    volume         = "NS-47",
     pages          = "2119-2126"
}


@article{chepelFirst,
    author         = "Chepel, V",
    title          = "{A new liquid xenon scintillation detector for positron emission tomography}",
    year           = "1993",
    journal        = "Nucl. Tracks Radiat. Meas.",
    volume         = "21",
    pages          = "47-51"
}

@article{lavoie,
    author         = "Lavoie, L.",
    title = "Liquid xenon scintillators for imaging of positron emitters",
    year           = "1976",
    journal        = "Medical Physics 3",
    volume         = "5",
    pages          = "283"
}

@article{aprileRes,
    author         = "Ni, K. and Aprile, E. and Giboni, K.L. and Majewski, P. and Yamashita, M.",
    title="{Gamma Ray Spectroscopy with Scintillation Light in Liquid Xenon}",
    year           = "2006",
    journal        = "JINST",
    volume         = "1",
    pages          = "P09004"
}


@article{Aprile:2009dv,
      author         = "Aprile, E. and Doke, T.",
      title          = "{Liquid Xenon Detectors for Particle Physics and
                        Astrophysics}",
      journal        = "Rev. Mod. Phys.",
      volume         = "82",
      year           = "2010",
      pages          = "2053-2097",
      doi            = "10.1103/RevModPhys.82.2053",
      eprint         = "0910.4956",
      archivePrefix  = "arXiv",
      primaryClass   = "physics.ins-det",
      SLACcitation   = "%%CITATION = ARXIV:0910.4956;%%"
}

@article{Ferrario:2015kta,
      author         = "Ferrario, P. and others",
      title          = "{First proof of topological signature in the NEXT high
                        pressure xenon gas TPC with electroluminescence
                        amplification}",
      collaboration  = "NEXT",
      year           = "2015",
      eprint         = "1507.05902",
      archivePrefix  = "arXiv",
      primaryClass   = "physics.ins-det",
      SLACcitation   = "%%CITATION = ARXIV:1507.05902;%%"
}

@article{snyder,
    author         = "Snyder, D. and Thomas, L.J. and Terpogossian, MM",
    title          = "{A mathematical model for positron emission tomography systems having time-of-flight measurements}",
    year           = "1981",
    journal        = "IEEE Trans. Nucl. Sci.",
    volume         = "28",
    pages          = "3575-3583"
}

@article{budinger,
    author         = "Budinger, T.F.",
    title          = "{Time-of-flight positron emission tomography - status relative to conventional PET}",
    year           = "1983",
    journal        = "J. Nucl. Med. [PubMed]",
    volume         = "24",
    pages          = "73-76"
}

@article{Chepel:2012sj,
      author         = "Chepel, V. and Araujo, H.",
      title          = "{Liquid noble gas detectors for low energy particle
                        physics}",
      journal        = "JINST",
      volume         = "8",
      year           = "2013",
      pages          = "R04001",
      doi            = "10.1088/1748-0221/8/04/R04001",
      eprint         = "1207.2292",
      archivePrefix  = "arXiv",
      primaryClass   = "physics.ins-det",
      SLACcitation   = "%%CITATION = ARXIV:1207.2292;%%"
}

@article{Baldini:2004td,
      author         = "Baldini, A. and others",
      title          = "{Liquid Xe scintillation calorimetry and Xe optical
                        properties}",
      journal        = "IEEE Trans. Dielectr. Electr. Insul.",
      volume         = "13",
      year           = "2006",
      pages          = "547-555",
      doi            = "10.1109/TDEI.2006.1657967",
      eprint         = "physics/0401072",
      archivePrefix  = "arXiv",
      primaryClass   = "physics",
      SLACcitation   = "%%CITATION = PHYSICS/0401072;%%"
}

@article{Koehler,
      author         = "Koeheler, H. A. and others",
      title          = "{Vacuum-ultraviolet emission from high-pressure xenon and argon excited by high-current relativistic electron beams}",
      journal        = "Physical Review A",
      volume         = "9",
      number = "2",
      year           = "1974",
}

@article{EmissionLXe,
      author         = "Jirtner and others",
      journal        = "J. Chem. Phys. 42",
      volume         = "42",
      pages = "4250",
      year           = "1965",
}

@article{DensityLXe,
      author         = "Sinnock, A.C. and others",
      journal        = "Phys. Rev.",
      volume         = "181",
      pages = "1297",
      year           = "1969",
}

@article{RayleighLXe,
      author         = "Solovov, V.N. and others",
      journal        = "Nucl. Instrum. Meth. A ",
      volume         = "516",
      pages = "462",
      year           = "2004",
}

@article{AttLengthLXe,
      author         = "Chepel, V",
      title = "Liquid Xenon Detectors for Medical Imaging",
      journal        = "Revista do Detua ",
      volume         = "4",
      number = "7",
      year           = "2007",
}

@article{TempLXe,
      journal        = "Encyclopedie des gaz", 
      year           = "1976",
      note = "L'Air Liquide Division Scientifique"
}

@misc{pde,
	author = "SensL",
	title = "{SensLs J-Series sensors datasheet}",
	howpublished =  "\url{http://sensl.com/products/j-series/}"
}

@misc{dcr,
	author = "SensL",
	title = "{Introduction to the SPM}",
	howpublished =  "\url{http://alturl.com/ekm6q}"
}

@article{pdeVUV,
	author = "Ootani, W",
	title = "{Development of deep-UV sensitive MPPC for liquid xenon scintillation detector}",
	journal        = "Nucl. Inst. Meth. A",
    volume         = "787",
    number = "4",
    pages          = "220-223",
    year           = "2015",
}


@article{nLYSO,
      author         = "Mao, R and others",
      title          = "{Optical and Scintillation Properties of Inorganic Scintillators in High Energy Physics}",
      journal        = "IEEE Transactions on Nuclear Science",
      volume         = "55",
      number = "4",
      year           = "2008",
}

@article{nSiPM,
      author         = "Renker, D. and Lorenz, E.",
      title          = "{Advances in solid state photon detectors}",
      journal        = "JINST",
      volume         = "4",
      year           = "2009",
}

@misc{nSensL,
	author = "SensL",
	title = "{SensLs J-Series sensors datasheet}",
	howpublished =  "\url{http://sensl.com/downloads/ds/DS-MicroCseries.pdf}"
}


@mastersthesis{tfm,
  author       = "{Benlloch-Rodr\'iguez, J.M.}", 
  title        = "{PETALO, a new concept for a Positron Emission TOF Apparatus based on Liquid xenOn}",
  school       = "{Universitat de Val\`encia}",
  year         = "2015",
  month        = "9",
  note =  "\url{http://arxiv.org/abs/1605.09615}"
}


@online{INSS2014,
author = "Gomez-Cadenas, J. J.",
title = "{Direct Neutrino Mass Measurements}",
url = {http://www.inss2014.physics.gla.ac.uk/International_Neutrino_Summer_School_2014/INSS2014.html}
}

@article{Cremonesi:2012av,
      author         = "Cremonesi, Oliviero",
      title          = "{Experimental searches of neutrinoless double beta
                        decay}",
      year           = "2012",
      eprint         = "1212.4885",
      archivePrefix  = "arXiv",
      primaryClass   = "nucl-ex",
      SLACcitation   = "%%CITATION = ARXIV:1212.4885;%%",
}
@article{Sarazin:2012ct,
      author         = "Sarazin, Xavier",
      title          = "{Review of double beta experiments}",
      year           = "2012",
      eprint         = "1210.7666",
      archivePrefix  = "arXiv",
      primaryClass   = "physics.ins-det",
      reportNumber   = "LAL-PUB-12-130",
      SLACcitation   = "%%CITATION = ARXIV:1210.7666;%%",
}

@article{Zuber:2006hv,
      author         = "Zuber, K.",
      title          = "{Neutrinoless double beta decay experiments}",
      journal        = "Acta Phys.Polon.",
      volume         = "B37",
      pages          = "1905-1921",
      year           = "2006",
      eprint         = "nucl-ex/0610007",
      archivePrefix  = "arXiv",
      primaryClass   = "nucl-ex",
      SLACcitation   = "%%CITATION = NUCL-EX/0610007;%%",
}

%%bayesian
@article{Bergstrom:2012nx,
      author         = "Bergstrom, Johannes",
      title          = "{Combining and comparing neutrinoless double beta decay
                        experiments using different nuclei}",
      year           = "2012",
      eprint         = "1212.4484",
      archivePrefix  = "arXiv",
      primaryClass   = "hep-ph",
      SLACcitation   = "%%CITATION = ARXIV:1212.4484;%%",
}
%%%cosmo
@article{Hou:2012xq,
      author         = "Hou, Z. and Reichardt, C.L. and Story, K.T. and Follin,
                        B. and Keisler, R. and others",
      title          = "{Constraints on Cosmology from the Cosmic Microwave
                        Background Power Spectrum of the 2500-square degree SPT-SZ
                        Survey}",
      year           = "2012",
      eprint         = "1212.6267",
      archivePrefix  = "arXiv",
      primaryClass   = "astro-ph.CO",
      SLACcitation   = "%%CITATION = ARXIV:1212.6267;%%",
}

@article{PhysRevLett.112.051303,
  title = {Evidence for Massive Neutrinos from Cosmic Microwave Background and Lensing Observations},
  author = {Battye, Richard A. and Moss, Adam},
  journal = {Phys. Rev. Lett.},
  volume = {112},
  issue = {5},
  pages = {051303},
  numpages = {5},
  year = {2014},
  month = {Feb},
  publisher = {American Physical Society},
  doi = {10.1103/PhysRevLett.112.051303},
  url = {http://link.aps.org/doi/10.1103/PhysRevLett.112.051303}
}

%%%%%%%%%%%%%%%%%%%%%%%%%%%%%%%%%%%%%%%%%%%%%
Constraints on Cosmology from the Cosmic Microwave Background Power Spectrum of the 2500-square degree SPT-SZ Survey

Z. Hou,
%\cite{Nygren:2011zz}
\bibitem{Nygren:2011zz} 
  D.~Nygren,
  %``Can the 'intrinsic' energy resolution in xenon be surpassed?,''
  J.\ Phys.\ Conf.\ Ser.\  {\bf 309}, 012006 (2011).
  %%CITATION = 00462,309,012006;%%
%\cite{Nygren:2009zz}
\bibitem{Nygren:2009zz} 
  D.~Nygren,
  %``High-pressure xenon gas electroluminescent TPC for 0nu beta beta-decay search,''
  Nucl.\ Instrum.\ Meth.\ A {\bf 603}, 337 (2009).
  %%CITATION = NUIMA,A603,337;%%
  
%%%%%%%%%%%%%%%
%%% LEPTOGENESIS
@article{GonzalezGarcia:2012sz,
      author         = "Gonzalez-Garcia, M.C. and Maltoni, Michele and Salvado,
                        Jordi and Schwetz, Thomas",
      title          = "{Global fit to three neutrino mixing: critical look at
                        present precision}",
      year           = "2012",
      eprint         = "1209.3023",
      archivePrefix  = "arXiv",
      primaryClass   = "hep-ph",
      reportNumber   = "IFT-UAM-CSIC-12-88, YITP-SB-12-33",
      SLACcitation   = "%%CITATION = ARXIV:1209.3023;%%",
}


@article{Fukugita:1986hr,
      author         = "Fukugita, M. and Yanagida, T.",
      title          = "{Baryogenesis Without Grand Unification}",
      journal        = "Phys. Lett.",
      volume         = "B174",
      pages          = "45",
      doi            = "10.1016/0370-2693(86)91126-3",
      year           = "1986",
}

@article{Davidson:2008bu,
      author         = "Davidson, Sacha and Nardi, Enrico and Nir, Yosef",
      title          = "{Leptogenesis}",
      journal        = "Phys. Rept.",
      volume         = "466",
      pages          = "105-177",
      doi            = "10.1016/j.physrep.2008.06.002",
      year           = "2008",
      eprint         = "0802.2962",
      archivePrefix  = "arXiv",
      primaryClass   = "hep-ph",
}

%%%%%%%%%%%%%%%%%%%%%%%%%%%%%%%%%%%%%%%%%%%%%%%%%%%%%%%%%%%%
%%% SEE-SAW MECHANISM

@article{Minkowski:1977sc,
      author         = "Minkowski, Peter",
      title          = "$\mu \rightarrow e \gamma$ at a Rate of One Out of 1-Billion Muon
                        Decays?",
      journal        = "Phys. Lett.",
      volume         = "B67",
      pages          = "421",
      doi            = "10.1016/0370-2693(77)90435-X",
      year           = "1977",
}

@inproceedings{GellMann:1980vs,
      author         = "Gell-Mann, Murray and Ramond, Pierre and Slansky,
                        Richard",
      title          = "{Complex spinors and unified theories}",
      booktitle      = "Proceedings of the {Supergravity} Stony Brook Workshop
                        (New York, USA)",
      year           = "1979",
      publisher      = "edited by P.~van Nieuwenhuizen and D.~Z.~Freedman, 
                        North Holland Publ. Co."
}

@inproceedings{Yanagida:1979,
      author         = "Yanagida, T",
      title          = "Horizontal symmetry and masses of neutrinos",
      booktitle      = "{Proceedings of the Workshop on the Baryon Number 
                         of the Universe and Unified Theories (Tsukuba, Japan)}",
      year           = "1979",
      publisher      = "edited by O.~Sawada and A.~Sugamoto, KEK Report No. 79-18"
}

@article{Mohapatra:1979ia,
      author         = "Mohapatra, Rabindra N. and Senjanovic, Goran",
      title          = "{Neutrino Mass and Spontaneous Parity Violation}",
      journal        = "Phys. Rev. Lett.",
      volume         = "44",
      pages          = "912",
      doi            = "10.1103/PhysRevLett.44.912",
      year           = "1980",
}

@article{Schechter:1980gr,
      author         = "Schechter, J. and Valle, J.W.F.",
      title          = "{Neutrino Masses in SU(2)$\times$U(1) Theories}",
      journal        = "Phys.\ Rev.",
      volume         = "D22",
      pages          = "2227",
      doi            = "10.1103/PhysRevD.22.2227",
      year           = "1980",
      reportNumber   = "SU-4217-167, COO-3533-167",
      SLACcitation   = "%%CITATION = PHRVA,D22,2227;%%",
}

%%%%%%%%%%%%%%%%%%%%%%%%%%%%%%%%%%%%%%%%%%%%%%%%%%%%%%%%%%%%
%%% DOUBLE BETA DECAY

@article{Schechter:1981bd,
      author         = "Schechter, J. and Valle, J.W.F.",
      title          = "{Neutrinoless Double beta Decay in SU(2)$\times$U(1)
                        Theories}",
      journal        = "Phys. Rev.",
      volume         = "D25",
      pages          = "2951",
      doi            = "10.1103/PhysRevD.25.2951",
      year           = "1982",
}

@article{KlapdorKleingrothaus:2000sn,
      author         = "Klapdor-Kleingrothaus, H.V. and Dietz, A. and Baudis, L.
                        and Heusser, G. and Krivosheina, I.V. and others",
      title          = "{Latest results from the Heidelberg-Moscow double beta
                        decay experiment}",
      journal        = "Eur. Phys. J.",
      volume         = "A12",
      pages          = "147-154",
      doi            = "10.1007/s100500170022",
      year           = "2001",
      eprint         = "hep-ph/0103062",
      archivePrefix  = "arXiv",
      primaryClass   = "hep-ph",
}

@article{KlapdorKleingrothaus:2001ke,
      author         = "Klapdor-Kleingrothaus, H.V. and Dietz, A. and Harney,
                        H.L. and Krivosheina, I.V.",
      title          = "{Evidence for neutrinoless double beta decay}",
      journal        = "Mod. Phys. Lett.",
      volume         = "A16",
      pages          = "2409-2420",
      doi            = "10.1142/S0217732301005825",
      year           = "2001",
      eprint         = "hep-ph/0201231",
      archivePrefix  = "arXiv",
      primaryClass   = "hep-ph",
}

%% GOTTHARD %%
@article{Luscher:1998sd,
      author         = "Luscher, R. and others",
      collaboration  = "{Caltech-Neuch\^{a}tel-PSI}",
      title          = "{Search for $\beta\beta$ decay in Xe-136: New results from
                        the Gotthard experiment}",
      journal        = "Phys. Lett. B",
      volume         = "434",
      pages          = "407-414",
      doi            = "10.1016/S0370-2693(98)00906-X",
      year           = "1998",
      SLACcitation   = "%%CITATION = PHLTA,B434,407;%%",
}

@article{GomezCadenas:2010gs,
      author         = "Gomez-Cadenas, J. J. and Martin-Albo, J. and Sorel, M. and
                        Ferrario, P. and Monrabal, F. and others",
      title          = "{Sense and sensitivity of double beta decay experiments}",
      journal        = "JCAP",
      volume         = "1106",
      pages          = "007",
      doi            = "10.1088/1475-7516/2011/06/007",
      year           = "2011",
      eprint         = "1010.5112",
      archivePrefix  = "arXiv",
      primaryClass   = "hep-ex",
      SLACcitation   = "%%CITATION = ARXIV:1010.5112;%%",
}

@article{GomezCadenas:2011it,
      author         = "G\'omez-Cadenas, J. J. and Martin-Albo, J. and Mezzetto, M.
                        and Monrabal, F. and Sorel, M.",
      title          = "{The search for neutrinoless double beta decay}",
      journal        = "Riv.\ Nuovo Cim.",
      volume         = "35",
      pages          = "29-98",
      doi            = "10.1393/ncr/i2012-10074-9",
      year           = "2012",
      eprint         = "1109.5515",
      archivePrefix  = "arXiv",
      primaryClass   = "hep-ex",
      SLACcitation   = "%%CITATION = ARXIV:1109.5515;%%",
}

%% GERDA %%
@article{Cattadori:2012fy,
      author         = "Cattadori, Carla Maria",
      title          = "{GERDA status report: Results from commissioning}",
      journal        = "J.Phys.Conf.Ser.",
      volume         = "375",
      pages          = "042008",
      doi            = "10.1088/1742-6596/375/1/042008",
      year           = "2012",
      SLACcitation   = "%%CITATION = 00462,375,042008;%%",
}

@article{Agostini:2013mzu,
      author         = "Agostini, M. and others",
      title          = "{Results on Neutrinoless Double-$\beta$ Decay of
                        $^{76}$Ge from Phase I of the GERDA Experiment}",
      collaboration  = "GERDA Collaboration",
      journal        = "Phys.Rev.Lett.",
      number         = "12",
      volume         = "111",
      pages          = "122503",
      doi            = "10.1103/PhysRevLett.111.122503",
      year           = "2013",
      eprint         = "1307.4720",
      archivePrefix  = "arXiv",
      primaryClass   = "nucl-ex",
      SLACcitation   = "%%CITATION = ARXIV:1307.4720;%%",
}

@article{Wilkerson:2012ga,
      author         = "Wilkerson, J.F. and Aguayo, E. and Avignone, F.T. and
                        Back, H.O. and Barabash, A.S. and others",
      title          = "{The MAJORANA demonstrator: A search for neutrinoless
                        double-beta decay of germanium-76}",
      journal        = "J.Phys.Conf.Ser.",
      volume         = "375",
      pages          = "042010",
      doi            = "10.1088/1742-6596/375/1/042010",
      year           = "2012",
      SLACcitation   = "%%CITATION = 00462,375,042010;%%",
}

%% CUORE %%
@article{Gorla:2012gd,
      author         = "Gorla, P.",
      title          = "{The CUORE experiment: Status and prospects}",
      collaboration  = "CUORE",
      journal        = "J.Phys.Conf.Ser.",
      volume         = "375",
      pages          = "042013",
      doi            = "10.1088/1742-6596/375/1/042013",
      year           = "2012",
      SLACcitation   = "%%CITATION = 00462,375,042013;%%",
}

%% KamLANDZen %%
@article{KamLANDZen:2012aa,
      key            = "1085532",
      title          = "{Measurement of the double-$\beta$ decay half-life of
                        $^{136}$Xe with the KamLAND-Zen experiment}",
      collaboration  = "KamLAND-Zen",
      journal        = "Phys.Rev.",
      volume         = "C85",
      pages          = "045504",
      doi            = "10.1103/PhysRevC.85.045504",
      year           = "2012",
      eprint         = "1201.4664",
      archivePrefix  = "arXiv",
      primaryClass   = "hep-ex",
      SLACcitation   = "%%CITATION = ARXIV:1201.4664;%%",
}

@article{Gando:2012jr,
      author         = "Gando, A.",
      title          = "{First result from KamLAND-Zen : Double beta decay with
                        $^{136}Xe$}",
      collaboration  = "KamLAND-Zen Collaboration",
      year           = "2012",
      eprint         = "1205.6130",
      archivePrefix  = "arXiv",
      primaryClass   = "hep-ex",
      SLACcitation   = "%%CITATION = ARXIV:1205.6130;%%",
}
@article{Gando:2012zm,
      author         = "Gando, A. and others",
      title          = "{Limit on Neutrinoless $\beta\beta$ Decay of Xe-136 from
                        the First Phase of KamLAND-Zen and Comparison with the
                        Positive Claim in Ge-76}",
      collaboration  = "KamLAND-Zen Collaboration",
      year           = "2012",
      eprint         = "1211.3863",
      archivePrefix  = "arXiv",
      primaryClass   = "hep-ex",
      SLACcitation   = "%%CITATION = ARXIV:1211.3863;%%",
}

@article{TheKamLAND-Zen:2014lma,
      key            = "1313115",
      title          = "{Results from KamLAND-Zen}",
      collaboration  = "The KamLAND-Zen Collaboration",
      year           = "2014",
      eprint         = "1409.0077",
      archivePrefix  = "arXiv",
      primaryClass   = "physics.ins-det",
      SLACcitation   = "%%CITATION = ARXIV:1409.0077;%%",
}

%% EXO %%
@article{Auger:2012gs,
      author         = "Auger, M. and Auty, D.J. and Barbeau, P.S. and Bartoszek,
                        L. and Baussan, E. and others",
      title          = "{The EXO-200 detector, part I: Detector design and
                        construction}",
      journal        = "JINST",
      volume         = "7",
      pages          = "P05010",
      doi            = "10.1088/1748-0221/7/05/P05010",
      year           = "2012",
      eprint         = "1202.2192",
      archivePrefix  = "arXiv",
      primaryClass   = "physics.ins-det",
      SLACcitation   = "%%CITATION = ARXIV:1202.2192;%%",
}

@article{Auger:2012ar,
      author         = "Auger, M. and others",
      title          = "{Search for Neutrinoless Double-Beta Decay in $^{136}$Xe
                        with EXO-200}",
      collaboration  = "EXO",
      journal        = "Phys.Rev.Lett.",
      volume         = "109",
      pages          = "032505",
      doi            = "10.1103/PhysRevLett.109.032505",
      year           = "2012",
      eprint         = "1205.5608",
      archivePrefix  = "arXiv",
      primaryClass   = "hep-ex",
      SLACcitation   = "%%CITATION = ARXIV:1205.5608;%%",
}

@article{Albert:2013gpz,
      author         = "Albert, J.B. and others",
      title          = "{An improved measurement of the 2\nu \beta \beta\
                        half-life of Xe-136 with EXO-200}",
      collaboration  = "EXO-200 Collaboration",
      journal        = "Phys.Rev.",
      volume         = "C89",
      pages          = "015502",
      doi            = "10.1103/PhysRevC.89.015502",
      year           = "2014",
      eprint         = "1306.6106",
      archivePrefix  = "arXiv",
      primaryClass   = "nucl-ex",
      SLACcitation   = "%%CITATION = ARXIV:1306.6106;%%",
}

@article{Albert:2014awa,
      author         = "Albert, J.B. and others",
      title          = "{Search for Majorana neutrinos with the first two years
                        of EXO-200 data}",
      collaboration  = "EXO-200 Collaboration",
      journal        = "Nature",
      volume         = "510",
      pages          = "229–234",
      doi            = "10.1038/nature13432",
      year           = "2014",
      eprint         = "1402.6956",
      archivePrefix  = "arXiv",
      primaryClass   = "nucl-ex",
      SLACcitation   = "%%CITATION = ARXIV:1402.6956;%%",
}

%%%%%%%%%%%%%%%%%%%%%%%%%%%%%%%%%%%%%%%%%%%%%%%%%%%%%%%%%%%%
%%% NEUTRINO OSCILLATIONS

@article{Fukuda:1998mi,
      author         = "Fukuda, Y. and others",
      title          = "{Evidence for oscillation of atmospheric neutrinos}",
      collaboration  = "Super-Kamiokande Collaboration",
      journal        = "Phys.Rev.Lett.",
      volume         = "81",
      pages          = "1562-1567",
      doi            = "10.1103/PhysRevLett.81.1562",
      year           = "1998",
      eprint         = "hep-ex/9807003",
      archivePrefix  = "arXiv",
      primaryClass   = "hep-ex",
      reportNumber   = "BU-98-17, ICRR-REPORT-422-98-18, UCI-98-8,
                        KEK-PREPRINT-98-95, LSU-HEPA-5-98, UMD-98-003, SBHEP-98-5,
                        TKU-PAP-98-06, TIT-HPE-98-09",
      SLACcitation   = "%%CITATION = HEP-EX/9807003;%%",
}

@article{GonzalezGarcia:2007ib,
      author         = "Gonzalez-Garcia, M.C. and Maltoni, Michele",
      title          = "{Phenomenology with Massive Neutrinos}",
      journal        = "Phys.\ Rept.",
      volume         = "460",
      pages          = "1-129",
      doi            = "10.1016/j.physrep.2007.12.004",
      year           = "2008",
      eprint         = "0704.1800",
      archivePrefix  = "arXiv",
      primaryClass   = "hep-ph",
      reportNumber   = "YITP-SB-07-14, UB-ECM-PF-07-08",
      SLACcitation   = "%%CITATION = ARXIV:0704.1800;%%",
}

@article{Beringer:1900zz,
      author         = "Beringer, J. and others",
      title          = "{Review of Particle Physics (RPP)}",
      collaboration  = "Particle Data Group",
      journal        = "Phys.\ Rev.",
      volume         = "D86",
      pages          = "010001",
      doi            = "10.1103/PhysRevD.86.010001",
      year           = "2012",
      SLACcitation   = "%%CITATION = PHRVA,D86,010001;%%",
}

%%%%%%%%%%%%%%%%%%%%%%%%%%%%%%%%%%%%%%%%%%%%%%%%%%%%%%%%%%%%
%%% NEXT

@online{clpu,
url = "http://www.clpu.es"
}

@online{next,
url = "http://next.ific.uv.es/"
}

@unpublished{TWEPP2014,
author = "Toledo, J. and others",
title = "{The Front-end Electronics for the 1.8-kchannel SiPM Tracking Plane in the NEW Detector}",
url = "{https://indico.cern.ch/event/299180/}"
}

@article{SRS2013,
      author         = "Martoiu, S. and others",
      title          = "{Development of the scalable readout system for micro-pattern gas detectors and other applications}",
      collaboration  = "NEXT",
      journal        = "JINST",
      volume         = "8",
      doi            = "10.1088/1748-0221/8/03/C03015",
      year           = "2013"
}

@article{Toledo2011,
      author         = "Toledo, J. and others",
      title          = "{The Front-End Concentrator card for the RD51 Scalable Readout System}",
      collaboration  = "NEXT",
      journal        = "JINST",
      volume         = "6",
      doi            = "10.1088/1748-0221/6/11/C11028",
      year           = "2011"
}

@article{Gil2012,
      author         = "Toledo, J. and others",
      title          = "{Front-end electronics for accurate energy measurement of double beta decays}",
      collaboration  = "NEXT",
      journal        = "NIM-A",
      volume         = "695",
      doi            = "10.1016/j.nima.2011.11.024",
      year           = "2012"
}

@article{Herrero2012,
      author         = "Herrero,V. and others",
      title          = "{Readout electronics for the SiPM tracking plane in the NEXT-1 prototype}",
      collaboration  = "NEXT",
      journal        = "NIM-A",
      volume         = "695",
      doi            = "10.1016/j.nima.2011.11.024",
      year           = "2012"
}
@article{Esteve2012,
      author         = "Esteve, R. and others",
      title          = "{Design and characterisation of the SiPM tracking system of NEXT-DEMO, a demonstrator prototype of the NEXT-100 experiment}",
      collaboration  = "JINST",
      journal        = "8",
      doi            = "10.1088/1748-0221/8/05/T05002",
      year           = "2013"
}


@article{Alvarez:2012haa,
      author         = "Alvarez, V. and others",
      title          = "{NEXT-100 Technical Design Report (TDR): Executive
                        Summary}",
      collaboration  = "NEXT",
      journal        = "JINST",
      volume         = "7",
      pages          = "T06001",
      doi            = "10.1088/1748-0221/7/06/T06001",
      year           = "2012",
      eprint         = "1202.0721",
      archivePrefix  = "arXiv",
      primaryClass   = "physics.ins-det",
      SLACcitation   = "%%CITATION = ARXIV:1202.0721;%%",
}

@article{Ferrario:2012,
      author        = "Ferrario, P.",
      collaboration = "NEXT",
      title         = "Results of the NEXT-DEMO prototype",
      year          = "2012",
      journal       = "JINST",
      note          = "Proceedings of iWoRID2012"
}

@article{Alvarez:2012as,
      author         = "Alvarez, V. and others",
      title          = "{Radiopurity control in the NEXT-100 double beta decay
                        experiment: procedures and initial measurements}",
      year           = "2012",
      eprint         = "1211.3961",
      archivePrefix  = "arXiv",
      primaryClass   = "physics.ins-det",
      SLACcitation   = "%%CITATION = ARXIV:1211.3961;%%",
}

@article{Alvarez:2012hh,
      author         = "Alvarez, V. and others",
      title          = "{Near-Intrinsic Energy Resolution for 30 to 662 keV Gamma
                        Rays in a High Pressure Xenon Electroluminescent TPC}",
      collaboration  = "NEXT Collaboration",
      year           = "2012",
      eprint         = "1211.4474",
      archivePrefix  = "arXiv",
      primaryClass   = "physics.ins-det",
      SLACcitation   = "%%CITATION = ARXIV:1211.4474;%%",
}

@article{Alvarez:2012nd,
      author         = "\'Alvarez, V. and others",
      title          = "{Initial results of NEXT-DEMO, a large-scale prototype of the NEXT-100 experiment}",
      collaboration  = "NEXT Collaboration",
      year           = "2012",
      eprint         = "1211.4838",
      archivePrefix  = "arXiv",
      primaryClass   = "physics.ins-det",
      SLACcitation   = "%%CITATION = ARXIV:1211.4474;%%",
}

@article{Alvarez:2013gxa,
      author         = "\'Alvarez, V. and others",
      title          = "{Operation and first results of the NEXT-DEMO prototype
                        using a silicon photomultiplier tracking array}",
      collaboration  = "NEXT",
      journal        = "JINST",
      volume         = "8",
      pages          = "P09011",
      doi            = "10.1088/1748-0221/8/09/P09011",
      year           = "2013",
      eprint         = "1306.0471",
      archivePrefix  = "arXiv",
      primaryClass   = "physics.ins-det",
      SLACcitation   = "%%CITATION = ARXIV:1306.0471;%%",
}
	
@article{GomezCadenas:2012jv,
      author         = "G\'omez-Cadenas, J.J. and Mart\'in-Albo, J. and Monrabal, F.",
      title          = "{NEXT, high-pressure xenon gas experiments for ultimate
                        sensitivity to Majorana neutrinos}",
      year           = "2012",
      eprint         = "1210.0341",
      archivePrefix  = "arXiv",
      primaryClass   = "physics.ins-det",
      SLACcitation   = "%%CITATION = ARXIV:1210.0341;%%",
}

@article{Alvarez:2012hu,
      author         = "\'Alvarez, V. and others",
      title          = "{Ionization and scintillation response of high-pressure
                        xenon gas to alpha particles}",
      collaboration  = "NEXT Collaboration",
      year           = "2012",
      eprint         = "1211.4508",
      archivePrefix  = "arXiv",
      primaryClass   = "physics.ins-det",
      SLACcitation   = "%%CITATION = ARXIV:1211.4508;%%",
}

@article{Gomez-Cadenas:2013lta,
      author         = "Gomez-Cadenas, J.J. and others",
      title          = "{Present status and future perspectives of the NEXT
                        experiment}",
      collaboration  = "NEXT Collaboration",
      doi            = "10.1155/2014/907067",
      year           = "2013",
      eprint         = "1307.3914",
      archivePrefix  = "arXiv",
      primaryClass   = "physics.ins-det",
      reportNumber   = "IFIC-13-46",
      SLACcitation   = "%%CITATION = ARXIV:1307.3914;%%",
}

@article{GomezCadenas:2013ue,
      author         = "G\'omez-Cadenas, J.J. and Mart\'in-Albo, J. and Munoz Vidal,
                        J. and Pena-Garay, C.",
      title          = "{Discovery potential of xenon-based neutrinoless double
                        beta decay experiments in light of small angular scale CMB
                        observations}",
      journal        = "JCAP",
      volume         = "1303",
      pages          = "043",
      doi            = "10.1088/1475-7516/2013/03/043",
      year           = "2013",
      eprint         = "1301.2901",
      archivePrefix  = "arXiv",
      primaryClass   = "hep-ph",
      SLACcitation   = "%%CITATION = ARXIV:1301.2901;%%",
}

@article{Lorca:2014sra,
      author         = "Lorca, D. and others",
      title          = "{Characterisation of NEXT-DEMO using xenon K$_{\alpha}$
                        X-rays}",
      collaboration  = "NEXT Collaboration",
      year           = "2014",
      eprint         = "1407.3966",
      archivePrefix  = "arXiv",
      primaryClass   = "physics.ins-det",
      SLACcitation   = "%%CITATION = ARXIV:1407.3966;%%",
}

@article{Kastens:2009rt,
      author         = "Kastens, L.W. and Bedikian, S. and Cahn, S.B. and Manzur,
                        A. and McKinsey, D.N.",
      title          = "{A 83Krm Source for Use in Low-background Liquid Xenon
                        Time Projection Chambers}",
      journal        = "JINST",
      volume         = "5",
      pages          = "P05006",
      doi            = "10.1088/1748-0221/5/05/P05006",
      year           = "2010",
      eprint         = "0912.2337",
      archivePrefix  = "arXiv",
      primaryClass   = "physics.ins-det",
      SLACcitation   = "%%CITATION = ARXIV:0912.2337;%%",
}
@article{Dolinski:2012dta,
      author         = "Dolinski, M.J.",
      title          = "{The Enriched Xenon Observatory: EXO-200 and $Ba^{+}$
                        tagging}",
      collaboration  = "EXO Collaboration",
      journal        = "Nucl.Phys.Proc.Suppl.",
      volume         = "229-232",
      pages          = "124-127",
      doi            = "10.1016/j.nuclphysbps.2012.09.020",
      year           = "2012",
      SLACcitation   = "%%CITATION = NUPHZ,229-232,124;%%",
}

%%%%%% GEANT4 %%%%%%%

@article{Agostinelli:2002hh,
      author         = "Agostinelli, S. and others",
      title          = "{Geant4: A Simulation toolkit}",
      collaboration  = "Geant4",
      journal        = "Nucl.\ Instrum.\ Meth.\ A",
      volume         = "506",
      pages          = "250-303",
      doi            = "10.1016/S0168-9002(03)01368-8",
      year           = "2003",
      reportNumber   = "SLAC-PUB-9350, FERMILAB-PUB-03-339",
      SLACcitation   = "%%CITATION = NUIMA,A506,250;%%",
}

@article{Allison:2006ve,
      author         = "Allison, John and Amako, K. and Apostolakis, J. and
                        Araujo, H. and Dubois, P.A. and others",
      title          = "{Geant4 developments and applications}",
      journal        = "IEEE Trans.Nucl.Sci.",
      volume         = "53",
      pages          = "270",
      doi            = "10.1109/TNS.2006.869826",
      year           = "2006",
      reportNumber   = "SLAC-PUB-11870",
      SLACcitation   = "%%CITATION = IETNA,53,270;%%",
}

%%% RESET %%%


%[1] M. A. Tanner, Tools for Statistical Inference: Methods for the Exploration of Posterior Distributions and Likelihood Functions. Springer, 3rd ed., Sept., 1998.

@book{Tanner:1998,
author = "Tanner, M.A.",
title = "Tools for Statistical Inference: Methods for the Exploration of Posterior Distributions and Likelihood Functions",
publisher = "Springer",
year = "1998"
}


@book{McLachan:1997,
author = "McLachan, G.J.",
title = "EM Algorithm and Extensions",
publisher = "Wiley, John & Sons, Incorporated",
year = "1997"
}

%%%%%%%%%%%%%%%%%%%%%%%%%%%%%%%%%%%%%%%%%%%%%%%%%%%%%%%%%%%%
%%% DOUBLE BETA REPORTS

@report{NLDBD,
author = "McKeown, R. and others",
title = "{Report to the US Nuclear Science Advisory Committee (NSAC): Neutrinoless Double Beta Decay}",
url = "http://science.energy.gov/~/media/np/nsac/pdf/docs/2014/NLDBD_Report_2014_Final.pdf"
}
%%%%%%%%%%%%%%%%%%%%%%%%%%%%%%%%%%%%%%%%%%%%%%%%%%%%%%%%%%%%
%%% OUTREACH

@online{JotDown,
title = "{Jot Down Cultural Magazine}",
url = "http://www.jotdown.es/category/ciencias/"
}

@online{JotDownNygrenBettini,
author = "Nygren, D. and Bettini, A.",
title = "{Physics as the fountain of eternal youth}",
url = "http://www.jotdown.es/2012/09/david-nygren-y-alessandro-bettini-the-physics-as-fountain-of-eternal-youth/"
}

@online{JotDownCattaiGonzalez,
author = "Cattai, A. and Gonz\'alez-Garcia, C.",
title = "{Conversaciones de f\'isica en el Santa Cristina}",
url = "http://www.jotdown.es/2013/11/coversaciones-de-fisica-en-el-santa-cristina-ariella-cattai-y-concha-gonzalez-garcia/"
}

@online{JotDownHalzen,
author = "Halzen, F.",
title = "{I always advise to my students 'don't read too many books, do things!'}",
url = "http://www.jotdown.es/2014/05/francis-halzen-i-always-advise-to-my-students-dont-read-too-many-books-do-things/"
}

@online{JotDownBlog,
author = "G\'omez Cadenas, J. J.",
title = "{Faster than light}",
url = "http://www.jotdown.es/category/ciencias/fasterthanlight/"
}

%%%%%%%%%%%%%%%%%%%%%%%%%%%%%%%%%%%%%%%%%%%%%%%%%%%%%%%%%%%%
%%% OTHER

@report{cernstats,
author = "CERN Human Resources Department",
title = "{CERN Personnel Statistics 2012}",
url = "http://council.web.cern.ch/council/en/Governance/TREF-PersonnelStatistics2012.pdf"
}
